{1:F01BPHKPLPKXXXX0312092220}{2:I940AABSDE31XXXXN}{4:
:20: NETMEXID
:25:BPHKPLPK/666666666666
:28C:00035/001
:60F:C031209PLN95,03
:61:0312091209C20000,FBARNONREF//1010001272972001
Payment of funds to own account
:86:082?00Wplata wlasna?2115616?24Rach.wplacajac. 101000
:61:0312091209D4000,FTRFREF:BPHPBK/081203/0001//59512092914002
Transfer of funds
:86: 020?00Wyplata-(dysp/przel)?2008106000760000777777777777?2115617?
22INFO INFO INFO INFO INFO INFO 1 END?23INFO INFO INFO INFO INFO
INFO 2 END?24ZAPLATA ZA FABRYKATY DO TUB?25 - 200 S ZTUK, TRANZY
STORY-?26300 SZT GR544 I OPORNIKI-5?2700 SZT GTX847 FAKTURA 333/
2?28003.?3010600076?310000777777777777?32HUTA SZKLA TOPIC UL
PRZEMY?33SLOWA 67 32-669 WROCLAW?38PL081060007600007777777
77777
:61:0312091209D880,FTRFREF:BPHPBK/081203/0003//59512092915002
ZUS-social security payment
:86:030?00Wyplata-(dysp/przel)?2010101023-26-139-51?2115618?24Deklar
acja:200309?25Numer deklaracji:09?26Typ wplaty:S?27NIP Platnika:
6792496639?28Typ id uzup.:1?26Id uzup.:DD8012790?3010101023?3126
 -139-51?32ZAKLAD UBEZPIECZEN SPOLECZN?33YCH
:61:0312091209D600,FTRFREF:BPHPBK/081203/0002//59512092916002
Internal Revenue Service payment
:86:031?00Wyplata-(dysp/przel)?2069101012700004592221000000?2115619?
24Wplata na organ podatkowy?25Typ identyfikatora:N?26Zawartosc I
D:6792496639?27Okres:03M09?27Symbol formularza:PIT4?28Opis:ZAPL.
POD. DAFIK?3010101270?310004592221000000?32Urzad Skarbowy Krakow
 -Star?33e Miasto Krakow?38PL69101012700004592221000000
:62F:C031209PLN14615,03
-}